% Encoding: windows-1251

@Comment{jabref-meta: databaseType:bibtex;}
